@article{raibert2008bigdog,
  title={Bigdog, the rough-terrain quadruped robot},
  author={Raibert, Marc and Blankespoor, Kevin and Nelson, Gabriel and Playter, Rob},
  journal={IFAC Proceedings Volumes},
  volume={41},
  number={2},
  pages={10822--10825},
  year={2008},
  publisher={Elsevier}
}

@book{craig2009introduction,
  title={Introduction to robotics: mechanics and control, 3/E},
  author={Craig, John J},
  year={2009},
  publisher={Pearson Education India}
}

@book{featherstone2014rigid,
  title={Rigid body dynamics algorithms},
  author={Featherstone, Roy},
  year={2014},
  publisher={Springer}
}

@book{greenwood1997classical,
  title={Classical dynamics},
  author={Greenwood, Donald T},
  year={1997},
  publisher={Courier Corporation}
}

@article{semini2011design,
  title={Design of HyQ--a hydraulically and electrically actuated quadruped robot},
  author={Semini, Claudio and Tsagarakis, Nikos G and Guglielmino, Emanuele and Focchi, Michele and Cannella, Ferdinando and Caldwell, Darwin G},
  journal={Proceedings of the Institution of Mechanical Engineers, Part I: Journal of Systems and Control Engineering},
  volume={225},
  number={6},
  pages={831--849},
  year={2011},
  publisher={SAGE Publications Sage UK: London, England}
}

@article{opencv_library,
    author = {Bradski, G.},
    journal = {Dr. Dobb's Journal of Software Tools},
    volume={25},
  	pages={120--125},
    title = {{The OpenCV Library}},
    year = {2000}
}